<collection xmlns="http://www.loc.gov/MARC21/slim"><record><leader>00773nam  2200265   450</leader><controlfield tag="001">675</controlfield><controlfield tag="003">http://montalegre.opacnet.com/OPAC/default.aspx?ContentAreaControl=ShowRegHoldings.ascx&amp;RegNo=16662</controlfield><datafield tag="021" ind1=" " ind2=" "><subfield code="a">PT</subfield><subfield code="b">29893/89</subfield></datafield><datafield tag="095" ind1=" " ind2=" "><subfield code="a">PTBN00225301</subfield></datafield><datafield tag="100" ind1=" " ind2=" "><subfield code="a">19900131d1989    a  y0pory010305  ba</subfield></datafield><datafield tag="101" ind1="0" ind2=" "><subfield code="a">por</subfield></datafield><datafield tag="102" ind1=" " ind2=" "><subfield code="a">PT</subfield></datafield><datafield tag="105" ind1=" " ind2=" "><subfield code="a">a   z   000fy</subfield></datafield><datafield tag="106" ind1=" " ind2=" "><subfield code="a">r</subfield></datafield><datafield tag="200" ind1="1" ind2=" "><subfield code="a">&lt;A &gt;nuvem cor-de-rosa</subfield><subfield code="f">Arsénio Mota</subfield><subfield code="g">il. Júlio Resende</subfield></datafield><datafield tag="205" ind1=" " ind2=" "><subfield code="a">1ª ed</subfield></datafield><datafield tag="210" ind1=" " ind2=" "><subfield code="a">Porto</subfield><subfield code="c">Asa</subfield><subfield code="d">1989</subfield></datafield><datafield tag="215" ind1=" " ind2=" "><subfield code="a">43, [1] p.</subfield><subfield code="c">il.</subfield><subfield code="d">21 cm</subfield></datafield><datafield tag="225" ind1="2" ind2=" "><subfield code="a">Asa juvenil</subfield><subfield code="v">49</subfield></datafield><datafield tag="675" ind1=" " ind2=" "><subfield code="a">82-93</subfield><subfield code="v">BN</subfield><subfield code="z">por</subfield></datafield><datafield tag="675" ind1=" " ind2=" "><subfield code="z">por</subfield></datafield><datafield tag="700" ind1=" " ind2="1"><subfield code="a">Mota</subfield><subfield code="b">Arsénio</subfield><subfield code="f">1930-</subfield></datafield><datafield tag="702" ind1=" " ind2="1"><subfield code="a">Resende</subfield><subfield code="b">Júlio</subfield><subfield code="c">pseud.</subfield><subfield code="4">440</subfield></datafield><datafield tag="801" ind1=" " ind2="0"><subfield code="a">PT</subfield><subfield code="b">Biblioteca Municipal de Montalegre</subfield><subfield code="g">RPC</subfield></datafield><datafield tag="856" ind1=" " ind2=" "><subfield code="u">locateMedia.asp?cod=20060524144045&amp;ext=jpg</subfield><subfield code="z">CAPA</subfield></datafield><datafield tag="909" ind1="&#9;" ind2=" "><subfield code="a">1</subfield></datafield><datafield tag="966" ind1=" " ind2=" "><subfield code="a">0001516</subfield><subfield code="l">BMM</subfield><subfield code="s">SI 82-93 MOT nuv 49</subfield></datafield></record></collection>